<?xml version="1.0" encoding="UTF-8"?><collection xmlns="http://www.loc.gov/MARC21/slim"><record><leader>00633nam--2200181-u-4500</leader><controlfield tag="001">000052833</controlfield><controlfield tag="002">20161230</controlfield><controlfield tag="005">20161230201050</controlfield><controlfield tag="008">101122s1000------------r-----000-0-rum-d</controlfield><datafield ind1=" " ind2=" " tag="040"><subfield code="a">IFIN-HH</subfield></datafield><datafield ind1=" " ind2=" " tag="041"><subfield code="a">rum</subfield></datafield><datafield ind1="1" ind2=" " tag="100"><subfield code="a">Grigorescu, Sorin George</subfield></datafield><datafield ind1="1" ind2="0" tag="245"><subfield code="a">Studiul straturilor subtiri nanostructurate de biomateriale obtinute prin ablatie laser pentru implanturi biomimetice avansate</subfield><subfield code="b">Teza</subfield><subfield code="c">Sorin george grigorescu</subfield></datafield><datafield ind1=" " ind2=" " tag="260"><subfield code="a">Bucuresti</subfield><subfield code="b">Ifa</subfield><subfield code="c">2010</subfield></datafield><datafield ind1=" " ind2=" " tag="300"><subfield code="a">137P</subfield></datafield><datafield ind1=" " ind2=" " tag="502"><subfield code="a">Conducatori De Doctorat: Prof.Dr. Ion N. Mihailescu, Dr. Ing. Jacques Werckamnn</subfield></datafield><datafield ind1=" " ind2=" " tag="852"><subfield code="a">76603</subfield><subfield code="c">621.375.9</subfield></datafield><datafield ind1=" " ind2=" " tag="CAT"><subfield code="a">Sys</subfield><subfield code="c">20111128</subfield><subfield code="h">101755</subfield></datafield></record></collection>